@book{jindaishiyan,
  author    = {吴思诚 and 荀坤},
  title     = {近代物理实验},
  edition   = 4,
  publisher = {高等教育出版社},
  address   = {北京},
  year      = {2015}
}

@article{zamojski2007deep,
  title={Deep GALEX Imaging of the COSMOS HST Field: A First Look at the Morphology of z\~{} 0.7 Star-forming Galaxies},
  author={Zamojski, MA and Schiminovich, D and Rich, RM and Mobasher, B and Koekemoer, AM and Capak, P and Taniguchi, Y and Sasaki, SS and McCracken, HJ and Mellier, Y and others},
  journal={The Astrophysical Journal Supplement Series},
  volume={172},
  number={1},
  pages={468},
  year={2007},
  publisher={IOP Publishing}
}
